<?xml version="1.0" encoding="UTF-8"?><collection xmlns="http://www.loc.gov/MARC21/slim"><record><leader>00507nam--2200169-i-4500</leader><controlfield tag="001">000041053</controlfield><controlfield tag="002">20161230</controlfield><controlfield tag="005">20161230201042</controlfield><controlfield tag="008">060222s1000------------r-----000-0-eng-d</controlfield><datafield ind1=" " ind2=" " tag="080"><subfield code="a">53:531:530.145.6:536</subfield></datafield><datafield ind1="1" ind2=" " tag="100"><subfield code="a">Sears, Francis Weston</subfield></datafield><datafield ind1="1" ind2="0" tag="245"><subfield code="a">Mechanics, wave motion, and heat</subfield><subfield code="c">Francis Weston Sears</subfield></datafield><datafield ind1=" " ind2=" " tag="260"><subfield code="a">Reading/Mass., Addison-wesley Publ.Co., Inc., 1965,</subfield></datafield><datafield ind1=" " ind2=" " tag="300"><subfield code="a">XIII+664P</subfield></datafield><datafield ind1=" " ind2=" " tag="490"><subfield code="a">The Addison-wesley Series In Physics</subfield></datafield><datafield ind1=" " ind2=" " tag="852"><subfield code="a">27596</subfield><subfield code="c">531</subfield></datafield><datafield ind1=" " ind2=" " tag="CAT"><subfield code="a">Sys</subfield><subfield code="c">20100623</subfield><subfield code="h">114005</subfield></datafield></record></collection>